<?xml version="1.0" encoding="UTF-8"?><record xmlns="http://www.loc.gov/MARC21/slim" xmlns:cinclude="http://apache.org/cocoon/include/1.0" xmlns:zs="http://www.loc.gov/zing/srw/">
  <leader>00525cz  a2200121n  4500</leader>
  <controlfield tag="001">n 2004152030</controlfield>
  <controlfield tag="003">DLC</controlfield>
  <controlfield tag="005">20041213131234.0</controlfield>
  <controlfield tag="008">041209n| acannaabn          |n ana      </controlfield>
  <datafield tag="010" ind1=" " ind2=" ">
    <subfield code="a">n 2004152030</subfield>
  </datafield>
  <datafield tag="040" ind1=" " ind2=" ">
    <subfield code="a">DLC</subfield>
    <subfield code="b">eng</subfield>
    <subfield code="c">DLC</subfield>
  </datafield>
  <datafield tag="110" ind1="2" ind2=" ">
    <subfield code="a">Universität zu Köln.</subfield>
    <subfield code="b">Institut für Medizinische Statistik, Informatik und klinische Epidemiologie</subfield>
  </datafield>
  <datafield tag="670" ind1=" " ind2=" ">
    <subfield code="a">Qualitätskontrolle der ambulanten bildgebenden Diagnostik, 2003:</subfield>
    <subfield code="b">t.p. (Institut für Medizinische Statistik, Informatik und klinische Epidemiologie ... Universität zu Köln)</subfield>
  </datafield>
</record>